@article{tran2017deep,
  title={Deep probabilistic programming},
  author={Tran, Dustin and Hoffman, Matthew D and Saurous, Rif A and Brevdo, Eugene and Murphy, Kevin and Blei, David M},
  journal={arXiv preprint arXiv:1701.03757},
  year={2017}
}

@article{koh2017understanding,
  title={Understanding black-box predictions via influence functions},
  author={Koh, Pang Wei and Liang, Percy},
  journal={arXiv preprint arXiv:1703.04730},
  year={2017}
}

@inproceedings{gal2016dropout,
  title={Dropout as a Bayesian approximation: Representing model uncertainty in deep learning},
  author={Gal, Yarin and Ghahramani, Zoubin},
  booktitle={international conference on machine learning},
  pages={1050--1059},
  year={2016}
}

@inproceedings{li2017convergence,
  title={Convergence analysis of two-layer neural networks with relu activation},
  author={Li, Yuanzhi and Yuan, Yang},
  booktitle={Advances in Neural Information Processing Systems},
  pages={597--607},
  year={2017}
}

